@online{statcriminal,
	title = {Утечки данных 2019: статистика},
	url = {https://vc.ru/services/103616-utechki-dannyh-2019-statistika-tendencii-kiberbezopasnosti-i-mery-po-snizheniyu-riskov-vzloma},
	urldate = {10.12.2020},
	language =     "russian"
	}

@online{kernelmodules,
	title = {Анатомия загружаемых модулей ядра Linux},
	url = {https://www.ibm.com/developerworks/ru/library/l-lkm/index.html"},
	urldate = {10.12.2020},
	language =     "russian"
	}	

@online{notifications,
	title = {Notification Chains in Linux Kernel},
	url = {https://0xax.gitbooks.io/linux-insides/content/Concepts/linux-cpu-4.html},
	urldate = {10.12.2020},
	language =     "russian"
	}	

@online{usbnotifications,
	title = {include/linux/usb.h},
	url = {https://elixir.bootlin.com/linux/latest/source/include/linux/usb.h#L2020},
	urldate = {10.12.2020},
	language =     "russian"
	}	
	
@online{lists,
	title = {Doubly Linked Lists},
	url = {https://www.kernel.org/doc/html/v4.14/core-api/kernel-api.html},
	urldate = {10.12.2020},
	language =     "russian"
	}	

@online{userspace,
	title = {Invoking user-space applications from the kernel},
	url = {https://developer.ibm.com/technologies/linux/articles/l-user-space-apps/},
	urldate = {10.12.2020},
	language =     "russian"
	}			
	
@online{read_write,
	title = {Reading and writing of files in Linux kernel driver},
	url = {https://www.programmersought.com/article/83015124510/},
	urldate = {10.12.2020},
	language =     "russian"
	}
		
	